@inproceedings{Witkin:1995:MW:218380.218422,
 author = {Witkin, Andrew and Popovic, Zoran},
 title = {Motion Warping},
 booktitle = {Proceedings of the 22Nd Annual Conference on Computer Graphics and Interactive Techniques},
 series = {SIGGRAPH '95},
 year = {1995},
 isbn = {0-89791-701-4},
 pages = {105--108},
 numpages = {4},
 url = {http://doi.acm.org/10.1145/218380.218422},
 doi = {10.1145/218380.218422},
 acmid = {218422},
 publisher = {ACM},
 address = {New York, NY, USA},
} 

@article{harris98,
author = {Harris, Chris and Wolpert, Daniel},
year = {1998},
month = {09},
pages = {780-4},
title = {Harris, C. M. and Wolpert, D. M. Signal-dependent noise determines motor planning. Nature 394, 780−784},
volume = {394},
journal = {Nature},
doi = {10.1038/29528}
}

@phdthesis{multon:tel-00441143,
  TITLE = {{Analyse, Mod{\'e}lisation et Simulation du Mouvement Humain}},
  AUTHOR = {Multon, Franck},
  URL = {https://tel.archives-ouvertes.fr/tel-00441143},
  SCHOOL = {{Universit{\'e} Rennes 1}},
  YEAR = {2006},
  MONTH = Dec,
  KEYWORDS = {simulation ; locomotion humaine ; animation par ordinateur ; r{\'e}alit{\'e} virtuelle ; biom{\'e}canique ; Humain virtuel},
  TYPE = {Habilitation {\`a} diriger des recherches},
  PDF = {https://tel.archives-ouvertes.fr/tel-00441143/file/HDR_imprimable.pdf},
  HAL_ID = {tel-00441143},
  HAL_VERSION = {v1},
}

@ARTICLE{perlin,
author={K. {Perlin}},
journal={IEEE Transactions on Visualization and Computer Graphics},
title={Real time responsive animation with personality},
year={1995},
volume={1},
number={1},
pages={5-15},
keywords={computer animation;image texture;stochastic processes;time-varying systems;digital simulation;real-time systems;real time responsive animation;personality;procedural texture synthesis;responsively animated characters;stochastic noise functions;time varying parameters;computer generated puppets;visual realism;pseudo random noise functions;weight bearing foot;high level textural approaches;computer graphic simulation;role playing games;simulated conferences;clip animation;graphical front ends;MUDs;synthetic performances;controlled randomization;real time animation;body language simulation;Animation;Computational modeling;Computer simulation;Stochastic resonance;Noise generators;Drives;Rhythm;Legged locomotion;Foot;Mood},
doi={10.1109/2945.468392},
ISSN={2160-9306},
month={March},}

@inproceedings{dobbyn2005geopostors,
  title={Geopostors: a real-time geometry/impostor crowd rendering system},
  author={Dobbyn, Simon and Hamill, John and O'Conor, Keith and O'Sullivan, Carol},
  booktitle={Proceedings of the 2005 symposium on Interactive 3D graphics and games},
  pages={95--102},
  year={2005},
  organization={ACM}
}

@article{hoyet2012push,
  title={Push it real: perceiving causality in virtual interactions},
  author={Hoyet, Ludovic and McDonnell, Rachel and O'Sullivan, Carol},
  journal={ACM Transactions on Graphics (TOG)},
  volume={31},
  number={4},
  pages={90},
  year={2012},
  publisher={ACM}
}

@article{hoyet2016perceptual,
  title={Perceptual effect of shoulder motions on crowd animations},
  author={Hoyet, Ludovic and Olivier, Anne-H{\'e}l{\`e}ne and Kulpa, Richard and Pettr{\'e}, Julien},
  journal={ACM Transactions on Graphics (TOG)},
  volume={35},
  number={4},
  pages={53},
  year={2016},
  publisher={ACM}
}

@article{hoyet2013evaluating,
  title={Evaluating the distinctiveness and attractiveness of human motions on realistic virtual bodies},
  author={Hoyet, Ludovic and Ryall, Kenneth and Zibrek, Katja and Park, Hwangpil and Lee, Jehee and Hodgins, Jessica and O'sullivan, Carol},
  journal={ACM Transactions on Graphics (TOG)},
  volume={32},
  number={6},
  pages={204},
  year={2013},
  publisher={ACM}
}

@inproceedings{hsu2005style,
  title={Style translation for human motion},
  author={Hsu, Eugene and Pulli, Kari and Popovi{\'c}, Jovan},
  booktitle={ACM Transactions on Graphics (TOG)},
  volume={24},
  number={3},
  pages={1082--1089},
  year={2005},
  organization={ACM}
}

@inproceedings{kovar2008motion,
  title={Motion graphs},
  author={Kovar, Lucas and Gleicher, Michael and Pighin, Fr{\'e}d{\'e}ric},
  booktitle={ACM SIGGRAPH 2008 classes},
  pages={51},
  year={2008},
  organization={ACM}
}

@article{kulpa2011imperceptible,
  title={Imperceptible relaxation of collision avoidance constraints in virtual crowds},
  author={Kulpa, Richard and Olivierxs, Anne-H{\'e}l{\`e}ne and Ond{\v{r}}ej, Jan and Pettr{\'e}, Julien},
  journal={ACM Transactions on Graphics (TOG)},
  volume={30},
  number={6},
  pages={138},
  year={2011},
  publisher={ACM}
}
@inproceedings{lau2009modeling,
  title={Modeling spatial and temporal variation in motion data},
  author={Lau, Manfred and Bar-Joseph, Ziv and Kuffner, James},
  booktitle={ACM Transactions on Graphics (TOG)},
  volume={28},
  number={5},
  pages={171},
  year={2009},
  organization={ACM}
}

@article{mcdonnell2008clone,
  title={Clone attack! perception of crowd variety},
  author={McDonnell, Rachel and Larkin, Mich{\'e}al and Dobbyn, Simon and Collins, Steven and O'Sullivan, Carol},
  journal={ACM Transactions on Graphics (TOG)},
  volume={27},
  number={3},
  pages={26},
  year={2008},
  publisher={ACM}
}

@inproceedings{mcdonnell2009eye,
  title={Eye-catching crowds: saliency based selective variation},
  author={McDonnell, Rachel and Larkin, Mich{\'e}al and Hern{\'a}ndez, Benjam{\'\i}n and Rudomin, Isaac and O'Sullivan, Carol},
  booktitle={ACM Transactions on Graphics (TOG)},
  volume={28},
  number={3},
  pages={55},
  year={2009},
  organization={ACM}
}

@inproceedings{o2009variety,
  title={Variety is the spice of (virtual) life},
  author={O’Sullivan, Carol},
  booktitle={International Workshop on Motion in Games},
  pages={84--93},
  year={2009},
  organization={Springer}
}

@inproceedings{pravzak2011perceiving,
  title={Perceiving human motion variety},
  author={Pra{\v{z}}{\'a}k, Martin and O'Sullivan, Carol},
  booktitle={Proceedings of the ACM SIGGRAPH Symposium on Applied Perception in Graphics and Visualization},
  pages={87--92},
  year={2011},
  organization={ACM}
}

@inproceedings{urtasun2004style,
  title={Style-based motion synthesis},
  author={Urtasun, Raquel and Glardon, Pascal and Boulic, Ronan and Thalmann, Daniel and Fua, Pascal},
  booktitle={Computer Graphics Forum},
  volume={23},
  number={4},
  pages={799--812},
  year={2004},
  organization={Wiley Online Library}
}

@inproceedings{egges2004personalised,
  title={Personalised real-time idle motion synthesis},
  author={Egges, Arjan and Molet, Tom and Magnenat-Thalmann, Nadia},
  booktitle={12th Pacific Conference on Computer Graphics and Applications, 2004. PG 2004. Proceedings.},
  pages={121--130},
  year={2004},
  organization={IEEE}
}

@inproceedings{ma2010modeling,
  title={Modeling style and variation in human motion},
  author={Ma, Wanli and Xia, Shihong and Hodgins, Jessica K and Yang, Xiao and Li, Chunpeng and Wang, Zhaoqi},
  booktitle={Proceedings of the 2010 ACM SIGGRAPH/Eurographics Symposium on Computer Animation},
  pages={21--30},
  year={2010},
  organization={Eurographics Association}
}

@article{zhou2014human,
  title={Human motion variation synthesis with multivariate Gaussian processes},
  author={Zhou, Liuyang and Shang, Lifeng and Shum, Hubert PH and Leung, Howard},
  journal={Computer Animation and Virtual Worlds},
  volume={25},
  number={3-4},
  pages={301--309},
  year={2014},
  publisher={Wiley Online Library}
}

@inproceedings{min2010synthesis,
  title={Synthesis and editing of personalized stylistic human motion},
  author={Min, Jianyuan and Liu, Huajun and Chai, Jinxiang},
  booktitle={Proceedings of the 2010 ACM SIGGRAPH symposium on Interactive 3D Graphics and Games},
  pages={39--46},
  year={2010},
  organization={ACM}
}
